2095 2646
1069 291 1099 335 7,

224 390 279 424 cui
305 390 469 425 Martialis
497 390 633 424 libellos
659 402 723 437 per
748 390 876 424 Rufum
902 389 1076 436 quendam
1102 389 1195 422 misit
1220 388 1350 435 rogans
1377 394 1413 421 ut
1450 388 1539 422 otia
1577 399 1655 435 par
1665 399 1714 421 va
1745 387 1825 422 sibi
1859 387 1929 420 im-

221 461 338 500 putet
362 457 572 489 immemor
597 455 763 501 paulum
795 466 984 488 curarum
1014 465 1268 500 operumque
1300 465 1466 487 suorum
1491 454 1639 487 fortasse
1666 461 1719 487 est
1743 453 1784 486 L·.
1812 452 1928 485 Venu-

221 518 308 566 lejus
334 520 558 567 Apronianus
584 532 653 555 cos.
682 522 726 555 92
754 520 901 555 Henzen
934 521 1027 554 6446
1054 519 1097 553 ci.
1124 519 1248 553 Marini
1274 518 1346 553 Atti
1372 530 1406 565 p.
1439 520 1518 554 193.
1580 518 1695 553 Etiam
1722 517 1763 553 C.
1790 517 1931 552 Julius

225 585 426 621 Proculus
452 585 521 628 (XI
548 587 609 627 36)
634 585 680 621 ad
705 585 802 632 cujus
839 585 996 621 nitidos
1021 585 1132 620 lares
1158 584 1325 620 Martialis
1362 585 1489 620 librum
1516 597 1616 620 suum
1648 584 1798 630 primurn
1825 583 1927 625 misit,

225 649 369 685 hortans
388 662 432 685 ne
457 656 613 685 metuat
635 650 769 685 fastus
794 650 1004 698 limenque
1030 651 1252 697 superbum
1278 650 1311 693 (Ι
1339 651 1399 691 70)
1426 662 1445 684 c
1471 649 1676 696 proceribus
1701 649 1772 689 fuit,
1801 660 1928 695 cogna-

224 721 278 751 tus
315 716 364 751 ut'
382 716 518 759 videtur
555 728 634 751 cum
665 715 709 760 Q.
734 715 831 752 Julio
857 716 1005 752 Proculo
1042 715 1101 763 (Q.
1133 716 1226 752 enirn
1253 728 1325 750 non
1351 715 1392 752 O.
1425 722 1478 750 est
1508 715 1543 750 in
1574 714 1673 750 titulo
1701 714 1808 750 Orelli
1836 715 1930 748 2273

230 781 273 815 cf.
306 780 452 816 Henzen
483 781 538 817 III
575 793 611 828 p.
639 781 726 828 192)
765 781 823 828 qui
855 787 1018 828 quaestor
1047 781 1284 828 Augustorum
1315 780 1452 815 Nervae
1485 786 1519 816 et
1550 780 1694 828 Trajani
1737 792 1767 814 a.
1797 781 1841 814 97
1876 779 1928 813 fin·

225 845 412 890 (Huebner
443 846 485 881 de
518 846 667 882 Senatus
698 846 890 894 Populique
928 847 1014 881 actis
1045 858 1078 894 p.
1113 847 1178 894 32)
1216 852 1249 880 et
1286 857 1394 892 usque
1433 845 1477 879 ad
1518 845 1738 881 consulatum
1778 845 1938 892 pervenit

224 911 280 954 (cf.
314 911 492 947 Huebneri
531 912 611 947 adn.
642 911 688 948 ad
719 910 799 948 CIL
839 912 875 947 II
905 913 1023 958 2349).
1086 912 1139 947 De
1179 911 1380 948 Terentio
1424 910 1585 953 Prisco,
1624 911 1669 946 ad
1705 923 1807 957 quem
1847 910 1936 945 Mar-

206 951 314 1012 &salis
352 976 398 1012 ab
438 976 526 1013 urbe
563 976 599 1012 in
639 976 847 1024 Hispaniam
886 977 1083 1013 venientem
1126 976 1252 1012 librum
1289 976 1360 1012 XII
1403 976 1494 1011 misit
1533 976 1789 1022 (Maecenatem
1833 988 1935 1011 suum

228 1042 383 1089 appellat
419 1042 491 1078 XII
527 1044 584 1090 4),
629 1048 664 1078 et
699 1042 736 1077 in
772 1043 869 1090 cujus
912 1043 1059 1078 reditum
1099 1055 1118 1077 e
1157 1042 1273 1078 Sicilia
1315 1042 1453 1088 scripsit
1494 1042 1580 1077 VIII
1618 1044 1680 1085 45,
1719 1042 1767 1076 nil
1810 1042 1933 1075 afferre

229 1120 382 1154 possum,
409 1108 475 1143 nisi
502 1107 651 1142 eundem
678 1107 753 1143 sine
779 1108 885 1142 dubio
911 1120 998 1150 esse,
1025 1108 1077 1143 cui
1103 1106 1310 1142 Plutarch'us
1334 1107 1459 1141 librum
1484 1107 1526 1141 de
1553 1107 1688 1141 defectu
1716 1106 1934 1142 oraculorum

231 1172 412 1208 dedicavit.
469 1172 734 1219 Apollinaris
768 1172 826 1219 qui
851 1172 1076 1208 Formianum
1107 1172 1262 1219 possedit
1286 1172 1322 1208 X
1349 1174 1392 1207 30
1419 1180 1452 1207 et
1478 1173 1574 1219 cujus
1605 1173 1746 1207 doctum
1771 1172 1935 1218 judicium

228 1237 345 1284 magni
377 1250 414 1272 se
443 1237 557 1272 facere
582 1236 750 1272 Martialis
781 1237 930 1273 affirmat
955 1238 1005 1273 IV
1031 1240 1074 1273 86
1101 1238 1170 1274 VH
1196 1241 1252 1274 26.
1278 1240 1322 1273 89
1349 1238 1402 1273 ΧῙ
1431 1238 1492 1280 15,
1531 1250 1615 1272 num
1653 1238 1698 1272 sit
1728 1237 1935 1272 Domitius

227 1302 488 1350 Apollinaris
514 1314 585 1338 cos.
612 1302 812 1349 designatus
838 1314 869 1337 a.
897 1304 953 1338 97.
1003 1302 1092 1338 Plin.
1118 1315 1197 1351 epp.
1223 1304 1277 1339 IX
1304 1304 1363 1346 13,
1394 1304 1436 1338 13
1465 1303 1677 1347 (Mommsen
1707 1302 1729 1338 l.
1756 1314 1785 1337 c.
1817 1314 1851 1349 p.
1880 1303 1923 1337 37

230 1368 309 1403 adn.
337 1371 374 1409 4)
412 1381 521 1415 aeque
560 1368 729 1403 incertum
767 1374 834 1412 est,
874 1381 915 1403 ac
940 1381 1023 1404 num
1050 1369 1230 1415 Sparsus
1261 1369 1409 1405 Martial.
1435 1370 1506 1404 XII
1533 1371 1578 1403 57
1613 1369 1642 1403 is
1680 1370 1739 1412 sit,
1778 1380 1929 1414 quocum

229 1433 360 1468 Plinius
399 1433 528 1479 scripta
565 1445 629 1468 sua
659 1433 914 1468 communicare
945 1434 1080 1469 solebat
1105 1434 1155 1470 IV
1180 1436 1201 1469 5
1227 1434 1314 1470 VIII
1341 1436 1372 1469 3.
1430 1433 1594 1470 Ceterum
1633 1446 1739 1481 quum
1778 1433 1928 1480 Sparsus

229 1498 321 1545 apud
351 1498 544 1533 Martialem
575 1512 608 1532 v.
638 1501 680 1533 19
708 1498 928 1533 Petilianis
967 1499 1175 1534 delicatus
1211 1501 1253 1534 in
1289 1499 1431 1546 regnis
1470 1499 1626 1534 habitare
1664 1499 1801 1541 dicitur,
1854 1497 1929 1534 Cui

230 1563 358 1610 plana
388 1575 567 1598 summos
599 1563 779 1610 despicit
809 1563 951 1598 domus
982 1569 1160 1598 montes:
1198 1565 1346 1599 fortasse
1379 1564 1501 1599 domus
1532 1564 1590 1598 illa
1616 1570 1721 1599 antea
1746 1563 1789 1606 Q.
1818 1563 1929 1597 Petilli

231 1628 384 1664 Cerealis
409 1629 529 1671 tuerat,
556 1628 598 1663 de
625 1641 693 1675 quo
719 1641 751 1663 V.
770 1628 916 1663 Haackh
944 1628 995 1664 St.
1020 1629 1062 1663 R.
1081 1628 1122 1664 Ε.
1143 1629 1175 1664 V
1197 1631 1299 1664 1392.
1340 1630 1521 1664 Atticum
1549 1630 1595 1663 ad
1620 1641 1724 1676 quem
1749 1636 1802 1663 est
1826 1628 1929 1662 etiam

231 1694 282 1730 IX
310 1696 366 1738 99,
393 1694 460 1729 hoc
485 1693 590 1729 modo
616 1693 769 1741 appellat
793 1694 862 1729 VII
889 1696 950 1729 32:

713 1758 811 1789 Attice
832 1758 1014 1790 facundae
1036 1768 1160 1790 renovas
1182 1761 1231 1797 qui
1254 1761 1373 1791 nomina
1394 1762 1532 1800 gentis,

755 1807 817 1838 Nec
836 1808 911 1838 sinis
933 1809 1118 1847 ingentem
1141 1810 1281 1840 conticuis-
1338 1810 1487 1841 domum.

233 1865 300 1900 Hic
325 1864 427 1913 igitur
453 1877 557 1913 quum
583 1865 753 1913 originem
788 1865 890 1901 ducat
923 1878 942 1901 e
976 1873 1080 1914 gente
1112 1879 1218 1914 quum
1230 1819 1355 1942 fiili
1385 1874 1457 1904 tum
1489 1867 1610 1904 litteris
1641 1866 1749 1912 clara,
1789 1868 1933 1904 fortasse

233 1943 296 1978 pro
322 1931 517 1977 Pomponio
543 1930 658 1965 Attico
684 1930 803 1966 haberi
829 1936 956 1978 potest.
1007 1932 1133 1979 (Julius
1159 1933 1293 1968 Atticus
1319 1933 1407 1968 Plin.
1436 1945 1515 1980 epp.
1543 1933 1559 1967 I
1589 1935 1643 1976 12,
1675 1934 1743 1981 10).

378 1996 491 2030 Etiam
518 1995 696 2030 Flaccus
724 1996 929 2031 adulescens
956 2000 1056 2044 (puer
1080 1998 1276 2044 appellatur
1293 1998 1346 2032 IX
1366 2000 1423 2043 90,
1451 2000 1486 2046 4)
1513 2011 1615 2046 quem
1632 1999 1798 2034 Martialis
1823 2000 1936 2034 horta

233 2071 305 2106 tur,
345 2069 381 2097 ut
405 2063 590 2096 Maecenas
624 2068 820 2108 temporum
847 2075 986 2097 suorum
1013 2065 1073 2098 fiat
1098 2065 1183 2098 VIII
1211 2065 1276 2106 56,
1315 2065 1344 2098 si
1372 2077 1444 2099 non
1471 2065 1598 2100 nobilis
1625 2072 1716 2099 certe
1742 2066 1837 2100 dives
1864 2067 1935 2101 fuit.

231 2128 286 2162 Ad
312 2140 390 2162 eum
416 2127 598 2161 referenda
622 2133 702 2161 sunt
727 2127 778 2162 IV
798 2129 842 2162 42
870 2128 939 2162 VII
958 2130 1002 2162 87
1031 2128 1117 2163 VIII
1143 2131 1188 2163 45
1215 2128 1268 2163 IX
1295 2131 1340 2164 55
1368 2136 1402 2164 et
1428 2131 1473 2164 90
1499 2130 1534 2165 Χ
1554 2133 1599 2165 48
1626 2131 1678 2165 XI
1706 2133 1762 2174 80,
1790 2132 1937 2165 tortasse

231 2194 333 2227 etiam
359 2193 431 2227 XII
458 2194 520 2234 743
559 2191 642 2226 alibi
681 2203 764 2226 num
804 2192 846 2227 de
880 2193 1003 2227 eodem
1029 2193 1157 2228 Flacco
1192 2194 1416 2239 cogitandum
1448 2196 1491 2230 sit
1520 2196 1692 2229 incertum
1717 2204 1779 2230 est.
1832 2197 1940 2231 Poeta

231 2258 378 2293 Flaccus
405 2257 592 2291 Patavinus
617 2257 648 2302 (Ι
674 2258 731 2299 61,
758 2259 780 2291 4
806 2263 840 2291 et
868 2259 926 2304 76)
951 2270 1085 2305 pauper
1111 2258 1247 2292 videtur
1273 2259 1387 2293 fuisse.
1758 2280 1805 2304 ..a

1149 2316 1172 2333 ι.

360 2378 456 2409 *felli
474 2381 498 2405 11
516 2379 580 2405 5023
597 2381 638 2411 (ex
655 2368 721 2411 agro*
735 2381 931 2412 Olisiponem&
950 2382 983 2406 M.
1001 2382 1102 2407 Terent.
1118 2381 1122 2411 Ι
1137 2383 1166 2406 Ρ.
1185 2382 1201 2406 f.
1221 2384 1277 2409 Gal.
1292 2383 1296 2413 Ι
1312 2403 1316 2407 .
1345 2384 1431 2407 Prisci.
