2095 2646
1060 294 1078 325 5

213 398 288 427 tum
315 393 347 428 V
374 394 418 428 22
450 393 508 428 ubi
532 392 692 428 Paullum
722 392 759 427 in
784 391 949 439 Esquiliis
979 392 1136 427 habitare
1166 391 1340 435 audimus,
1379 391 1423 427 de
1450 391 1572 429 Velio
1597 390 1742 426 Paullo
1768 391 1924 437 cogitari,

212 458 270 504 qui
296 458 360 493 sub
387 458 587 493 Domitiano
613 456 803 505 proconsul
828 457 1012 505 Bithyniae
1037 456 1100 491 fuit
1125 456 1226 503 (Plin.
1254 457 1298 492 ad
1324 457 1384 493 Tr.
1416 459 1474 493 58.
1501 458 1578 502 60);
1605 468 1709 503 quem
1734 456 1926 491 Domitiani

211 523 303 559 bello
322 524 461 559 'Dacico
487 523 683 559 interfuisse
714 522 815 559 docet
840 522 1008 558 Martialis
1033 522 1086 558 IX
1112 523 1169 557 31.
1222 522 1275 557 De
1303 522 1378 558 aliis
1404 522 1666 570 epigrammatis
1692 521 1738 557 ad
1763 521 1923 557 Paullum

215 590 352 636 scriptis
379 602 411 624 v.
433 588 700 624 Mommsenium
727 588 763 623 in
782 587 908 624 Jndiee
926 587 1086 623 Pliniano
1112 588 1177 623 sub
1202 587 1348 624 Velius
1374 588 1556 624 Paullus.
1607 588 1662 624 Ex
1687 588 1789 624 novis
1815 588 1925 624 Arva-

211 655 297 690 lium
323 655 449 690 tabulis
468 660 651 702 praeterea
675 655 837 690 novimus
857 654 897 689 L.
917 645 1100 690 Vettium
1127 654 1316 690 Paullum
1343 667 1439 690 cons.
1467 655 1543 690 suff.
1570 655 1651 690 inde
1677 667 1699 690 a
1724 654 1803 690 Kal.
1825 655 1924 690 Maiis

210 734 240 756 a.
270 724 312 756 81
343 721 505 765 (Henzen
533 720 637 756 Scavi
664 726 729 755 etc.
757 732 795 766 p.
822 721 866 754 37
894 720 971 766 sq.).

358 786 544 822 Curiorum
569 798 700 821 nomen
725 785 821 831 (nam
846 785 934 819 haec
960 785 1117 834 codicum
1143 786 1313 832 scriptura
1342 792 1411 827 est,
1439 798 1543 832 quam
1570 786 1692 821 Douza
1721 787 1758 821 in
1782 786 1923 823 Curtios

213 853 359 886 mutavit
379 863 447 894 „ne
472 851 641 886 claudicet
658 853 820 894 scazon“,
847 850 889 885 de
910 849 1039 886 Curtiis
1057 851 1232 885 Montanis
1255 852 1426 897 cogitans)
1444 851 1642 898 corruptela
1659 852 1807 898 irrepsit.
1850 851 1921 887 Sed

215 929 321 963 quum
360 916 577 963 cogitabam,
617 928 682 963 par
707 915 791 950 illud
816 915 979 958 fratrum,
1017 915 1144 962 pietate
1179 916 1315 962 insigne
1350 916 1410 952 illo
1436 923 1592 963 tempore
1619 929 1692 952 non
1716 929 1822 963 posse
1848 930 1922 952 non

214 982 432 1017 notissimum
457 981 579 1024 fuisse,
616 980 810 1016 Martialem
842 985 957 1015 autem
985 980 1148 1028 pietatem
1173 980 1316 1016 fratrum
1343 981 1572 1017 Domitiorum
1599 982 1692 1017 Tulli
1726 988 1760 1017 et
1786 982 1920 1017 Lucani

216 1048 295 1095 plus
322 1046 430 1082 semel
456 1046 633 1082 celebrare
657 1046 676 1081 I
702 1048 747 1081 36
774 1046 828 1081 IX
854 1048 911 1090 51,
938 1046 1020 1080 olim
1045 1058 1251 1093 persuasum
1276 1046 1450 1082 habebam
1476 1047 1543 1082 hoc
1568 1047 1646 1083 loco
1672 1048 1814 1083 eosdem
1840 1060 1919 1082 esse

214 1112 477 1160 intellegendos.
529 1111 604 1147 Nec
635 1124 692 1146 me
724 1111 885 1146 fefellisse
918 1101 1143 1154 sententiam,
1182 1124 1276 1147 nunc
1307 1125 1349 1147 ex
1374 1113 1582 1148 Mommseni
1608 1113 1734 1148 Jndice
1760 1114 1921 1148 Pliniano

217 1178 339 1222 didici,
378 1178 432 1213 cui
469 1178 628 1213 notitiam
653 1166 752 1225 'pleni
782 1177 933 1212 nominis
964 1176 1106 1211 Domitii
1135 1176 1270 1212 Lucani
1304 1178 1435 1223 debeo,
1475 1178 1570 1225 quod
1607 1185 1720 1213 exstat
1751 1179 1786 1213 in
1821 1178 1922 1214 titulo

216 1243 397 1279 Orelliano
426 1245 511 1278 773:
551 1242 617 1279 On.
643 1242 818 1278 Domitius
844 1242 929 1277 Afer
954 1242 1065 1277 Titius
1090 1242 1274 1278 Marcellus
1302 1242 1449 1279 Curvius
1474 1243 1649 1291 Lucanus.
1700 1244 1805 1291 Apud
1829 1244 1920 1278 Mar-

216 1309 332 1344 tialem
358 1309 462 1355 igitur
485 1308 649 1343 fratres
674 1307 867 1344 Curvios
895 1307 1142 1342 restituendum
1169 1313 1230 1342 est.

360 1375 513 1409 Nervam
538 1373 640 1419 (VIII
654 1375 699 1408 70
723 1374 778 1409 IX
798 1375 858 1421 26)
885 1380 918 1409 et
943 1373 1113 1419 Regulum
1139 1373 1170 1415 (I
1186 1374 1240 1415 12,
1266 1373 1337 1417 111;
1363 1374 1398 1408 ΙΙ
1412 1375 1468 1416 20,
1499 1376 1553 1417 74,
1581 1375 1627 1408 93
1648 1375 1742 1421 cett.)
1759 1380 1919 1419 transeo3

218 1440 362 1475 <Iunium
387 1438 578 1474 Mauricum
608 1451 702 1474 anno
729 1442 772 1474 89
800 1452 869 1486 quo
894 1440 951 1475 hic
974 1438 1062 1473 liber
1092 1438 1202 1474 editus
1228 1445 1281 1474 est
1305 1440 1351 1485 (v.
1377 1439 1594 1482 Hirschfeld,
1634 1439 1813 1486 Goetting.
1850 1439 1918 1486 gel.

220 1505 305 1539 Anz.
338 1506 426 1539 1869
453 1517 487 1551 p.
515 1504 618 1551 510),
654 1503 809 1539 nondum
843 1504 879 1539 in
912 1504 1049 1539 exilium
1083 1511 1197 1539 actum
1223 1516 1301 1539 esse
1332 1510 1487 1551 apparet.
1538 1504 1656 1539 Macer
1682 1504 1778 1551 cujus
1804 1505 1920 1551 probi-

216 1576 322 1605 tatem
349 1569 416 1604 hoc
441 1569 519 1604 loco
544 1569 710 1604 Martialis
736 1569 876 1611 extollit,
902 1569 993 1604 idem
1020 1581 1097 1604 esse
1122 1569 1275 1613 videtur,
1301 1570 1354 1604 cui
1380 1576 1484 1616 poeta
1509 1569 1635 1604 librum
1661 1569 1695 1603 X
1722 1570 1814 1604 misit
1840 1581 1921 1604 cum

214 1635 290 1670 viae
317 1634 452 1681 Appiae
479 1641 617 1670 curator
640 1634 702 1669 fuit
726 1635 775 1680 (X
803 1635 877 1678 17):

698 1699 866 1730 Mensorum
890 1699 984 1738 longis
1009 1700 1061 1730 sed
1082 1708 1161 1730 nunc
1182 1703 1267 1730 vacat
1289 1700 1346 1730 iste
1368 1700 1492 1731 libellis:

824 1750 929 1787 Appia,
951 1749 1022 1787 quid
1044 1748 1144 1786 facies,
1167 1749 1192 1779 si
1214 1750 1286 1787 legit
1307 1750 1366 1780 ista
1387 1750 1509 1780 Macer?

361 1807 440 1843 Hoc
459 1818 599 1842 munere
619 1806 830 1853 perfunctus,
858 1806 994 1853 legatus
1007 1806 1097 1854 Aug.
1118 1818 1169 1853 pr.
1183 1819 1235 1853 pr.
1250 1806 1445 1842 Dalmatiae
1465 1807 1577 1842 factus
1604 1813 1667 1850 est,
1694 1813 1728 1842 et
1752 1805 1921 1841 Martialis

215 1873 370 1908 carmine
398 1873 430 1908 X
458 1874 501 1908 78
542 1875 623 1919 (quo
657 1876 727 1907 tres
757 1871 854 1907 locos
887 1871 1100 1907 Horatianos
1131 1871 1260 1908 rettulit
1291 1872 1402 1908 Lehrs
1433 1872 1551 1907 Horaz
1584 1884 1617 1919 p.
1650 1872 1787 1908 LXVII
1824 1871 1921 1919 adn.)

214 1938 363 1973 amicum
388 1938 424 1972 in
450 1937 665 1984 provinciam
684 1936 872 1972 abeuntem
890 1948 1120 1984 prosequens,
1146 1937 1270 1972 iterum
1296 1937 1368 1983 ejus
1394 1937 1627 1984 integritatem
1654 1943 1688 1972 et
1713 1937 1922 1984 probitatem

214 2003 409 2050 ΡΓξιθᾶωξηὶ
698 2017 760 2048 Ibis
781 2018 912 2055 litoreas,
936 2018 1044 2055 Macer,
1067 2017 1204 2049 Salonas.

700 2066 759 2097 lbit
780 2075 848 2096 rara
870 2066 943 2097 fides
965 2076 1108 2106 amorque
1130 2067 1205 2097 recti

699 2114 738 2145 Et
759 2124 858 2146 secum
879 2117 1017 2146 comitem
1040 2116 1139 2146 trahet
1160 2116 1313 2154 pudorem.

700 2163 824 2203 Semper
844 2165 1006 2203 pauperior
1027 2164 1104 2195 redit
1125 2168 1259 2203 potestas
1282 2166 1342 2204 (P).
1356 2167 1384 2204 *)

701 2213 782 2243 Felix
804 2214 952 2245 auriferae
973 2215 1075 2245 colone
1097 2217 1204 2251 terrae,

700 2262 854 2292 Rectorem
877 2272 969 2294 vacuo
991 2264 1058 2293 sinu
1079 2264 1214 2293 remittes

701 2310 885 2350 Optabisque
907 2322 1005 2343 moras
1027 2316 1057 2342 et
1078 2317 1236 2343 exeuntem

701 2359 767 2391 Udo
789 2359 929 2391 Dalmata
949 2362 1057 2399 gaudio
1079 2362 1224 2400 sequeris.

363 2438 386 2465 *l
403 2438 523 2462 ronam
539 2441 597 2462 aute
614 2438 681 2461 bunc
697 2444 733 2460 VS.
752 2435 848 2467 aliqmd
864 2437 962 2460 excidit
