2095 2646
1052 302 1071 332 4

198 398 355 434 nondum
381 404 475 435 recte
502 399 639 436 videtur
672 398 888 434 intellectum
922 411 1016 445 esse3
1055 400 1263 436 novissimus
1296 403 1388 434 certe
1420 397 1530 433 editor
1563 407 1670 443 prave
1695 395 1731 429 in
1757 392 1911 429 clausula

146 488 150 492 -
197 477 230 498 v.
256 466 278 499 5
305 464 565 500 distinctionem
591 464 725 511 posuit,
753 476 858 511 quam
883 463 919 498 in
945 464 1072 499 exitum
1099 477 1221 500 versus
1248 462 1425 510 sequentis
1449 461 1657 508 transposui.

776 538 912 576 Augusto
933 537 983 575 pia
1005 540 1073 568 tura
1094 538 1288 576 victimasque

774 585 833 617 Pro
854 589 955 617 vestro
977 586 1046 616 date
1069 585 1141 617 Silio
1163 586 1320 617 Camenae.

773 635 825 666 Bis
847 645 935 666 senos
955 635 1041 673 jubet
1062 644 1097 666 en
1120 636 1217 667 redire
1239 636 1335 666 fasces

773 684 851 716 Nato
873 684 1002 722 consule,
1025 685 1176 724 nobilique
1198 686 1283 724 virga

734 734 752 763 5
775 733 861 764 Vatis
884 733 1046 764 Castaliam
1069 734 1188 765 domum
1211 742 1317 766 sonare

774 783 887 813 Rerum
909 784 1004 821 prima
1027 783 1115 814 Salus
1137 788 1168 814 et
1190 794 1249 814 una
1271 784 1391 814 Caes-ar.

776 830 926 862 Gaudenti
948 835 1088 870 superest
1109 832 1205 864 adhuc
1227 832 1305 871 quod
1327 824 1420 871 optet⁷

776 880 859 911 Felix
881 888 1014 919 purpura
1035 881 1202 920 tertiusque
1223 881 1333 912 consul.

776 929 917 967 Pompejo
939 930 1055 959 dederit
1076 930 1146 960 licet
1167 934 1289 961 senatus

778 977 818 1008 Et
840 977 951 1008 Caesar
973 987 1083 1016 genero
1105 987 1206 1010 sacros
1228 980 1366 1015 honores,

719 1027 756 1057 10
777 1026 908 1063 Quorum
931 1026 1071 1065 pacificus
1093 1031 1140 1059 ter
1160 1028 1314 1066 ampliavit

776 1075 871 1107 Janus
893 1076 1028 1107 nomina:
1052 1076 1142 1107 Silius
1164 1076 1335 1116 frequentes

779 1124 894 1155 Mavolt
915 1126 958 1155 sic
979 1134 1137 1156 numerare
1160 1126 1341 1156 consulatus.

347 1178 507 1239 Apparet
531 1190 771 1226 Domitianum
802 1203 833 1226 a.
863 1193 909 1226 94
941 1203 1009 1238 quo
1035 1191 1091 1227 hic
1120 1191 1209 1227 liber
1234 1191 1345 1226 editus
1371 1195 1439 1234 est,
1474 1189 1571 1224 alteri
1596 1188 1667 1224 filio
1693 1187 1767 1224 Silii
1792 1199 1917 1223 consu-

198 1257 309 1291 latum
335 1257 484 1299 dedisse,
512 1256 574 1292 sed
595 1256 698 1292 Silius
725 1256 877 1291 eundem
902 1256 1072 1292 honorem
1099 1257 1203 1291 etiam
1228 1256 1326 1291 alteri
1349 1242 1422 1291 'filio
1446 1255 1656 1302 impertitum
1674 1253 1714 1288 iri
1740 1253 1916 1300 sperabat,

198 1329 234 1357 et
259 1322 327 1357 h'oc
353 1321 458 1356 modo
489 1322 564 1356 fore
590 1328 627 1356 ut
658 1321 782 1356 domus
814 1333 877 1356 sua
906 1321 1017 1356 tribus
1051 1321 1287 1356 consulatibus
1314 1326 1505 1356 ornaretur.
1561 1319 1639 1353 Hac
1663 1318 1796 1353 ratione
1824 1317 1918 1364 prin-

200 1387 285 1434 cipis
312 1387 530 1434 indulgentia
555 1399 634 1422 cum
659 1387 739 1422 filiis
764 1386 936 1422 honorem
963 1387 1219 1422 communicare
1246 1386 1380 1430 maluit,
1409 1397 1512 1433 quam
1537 1385 1611 1432 ipse
1638 1384 1731 1418 solus
1757 1389 1809 1417 ter
1833 1394 1914 1417 con-

200 1452 315 1487 sulatu
341 1452 450 1499 fungi,
478 1458 514 1487 ut
540 1452 727 1499 Pompejns
754 1458 788 1486 et
814 1452 985 1498 Agrippa.

346 1517 419 1552 Eos
448 1529 536 1563 quos
554 1517 723 1552 Martialis
743 1517 774 1552 V
796 1518 841 1552 28
863 1522 901 1551 ut
926 1517 1086 1563 exempla
1105 1517 1279 1552 variarum
1300 1518 1461 1551 virtutum
1487 1515 1660 1561 proponit,
1689 1527 1810 1549 omnes
1837 1526 1921 1548 con-

198 1589 455 1628 temporaneos
482 1594 571 1626 esse,
598 1582 655 1617 vix
683 1588 735 1617 est
761 1581 1008 1617 dubitandum:

694 1655 734 1685 Ut
757 1655 832 1685 bene
855 1655 996 1693 loquatur
1018 1656 1189 1693 sentiatque
1211 1655 1390 1690 Mamercusv

694 1704 820 1735 Efficere
843 1704 942 1741 nullis
967 1705 1049 1742 Aule,
1073 1705 1204 1736 moribus
1229 1704 1339 1743 possis:

694 1753 810 1784 Pietate
833 1753 940 1783 fratres
964 1753 1068 1784 Curios
1091 1755 1161 1784 licet
1184 1755 1293 1790 vincas,

694 1802 801 1838 Quiete
824 1802 949 1840 Nerva&
972 1804 1110 1833 comitate
1132 1803 1277 1838 Rusones,

694 1851 848 1881 Probitate
870 1852 996 1888 Macros,
1019 1853 1171 1890 aequitate
1192 1853 1350 1882 Mauricos,

694 1900 837 1931 Oratione
860 1901 999 1938 Regulos,
1018 1902 1093 1938 jocis
1115 1902 1244 1932 Paullos.
1877 1880 1884 1898 ί

350 1966 560 2013 Cognomen
592 1967 776 2002 Rusonis
808 1979 829 2001 a
859 1967 1017 2001 Martiale
1049 1967 1115 2002 hoc
1152 1979 1222 2002 nno
1260 1966 1339 2001 loco
1376 1968 1685 2000 commemoratum
1721 1969 1835 2009 potest
1874 1963 1918 1997 ad

204 2038 348 2078 gentem
380 2032 643 2067 Cremutiam
671 2033 845 2078 pertinere
872 2031 975 2078 (Plin.
1008 2045 1089 2078 epp⁴
1116 2032 1167 2067 VI
1194 2033 1239 2066 23
1265 2032 1307 2066 cf.
1335 2031 1388 2066 IX
1417 2031 1491 2076 19);
1532 2028 1587 2063 vel
1620 2028 1721 2063 etiam
1753 2028 1798 2062 ad
1825 2028 1918 2064 Cal-

203 2097 368 2140 visiam,
406 2109 512 2143 quum
549 2097 586 2131 in
624 2097 710 2131 actis
749 2096 895 2131 fratrum
922 2096 1101 2131 Arvalium
1134 2109 1165 2131 a.
1197 2109 1232 2144 p.
1267 2095 1307 2132 C.
1336 2097 1379 2131 87
1411 2095 1503 2129 inter
1533 2105 1659 2140 pueros
1690 2093 1854 2138 patrimus
1886 2099 1919 2127 et

203 2162 385 2197 matrimes
416 2161 451 2196 in
483 2161 653 2197 sacrificio
685 2161 921 2197 ministrantes
956 2165 1178 2206 (senatorum
1209 2161 1317 2197 filios:
1354 2157 1645 2195 Henzen'Scavi
1683 2170 1716 2204 p.
1757 2159 1816 2199 62,
1857 2159 1921 2200 27)-

202 2228 404 2262 nominetur
430 2227 609 2263 Rusonis
649 2227 768 2274 (filius)
805 2227 844 2262 P.
878 2227 1091 2263 Calvisius
1131 2227 1232 2274 (Ibid.
1273 2239 1307 2274 p.
1336 2228 1398 2269 43,
1440 2227 1497 2260 51.
1531 2224 1573 2259 cf.
1600 2236 1633 2270 p.
1663 2224 1732 2266 47).
1772 2223 1852 2266 Quo
1876 2223 1922 2258 de-

203 2291 354 2328 Paullo
381 2292 605 2339 cogitandum
632 2292 677 2329 sit
703 2292 863 2340 equidem
890 2293 1026 2336 nescio;
1066 2292 1201 2329 etiamsi
1231 2291 1324 2328 enim
1355 2295 1533 2328 constaret
1557 2287 1726 2325 nonnulla
1751 2288 1919 2336 epigram-

203 2365 297 2393 mata
323 2357 368 2393 ad
396 2357 553 2393 Paullum
580 2359 711 2405 scripta
739 2357 784 2393 ad
810 2371 918 2393 unum
945 2358 1162 2404 eundemque
1188 2358 1378 2404 pertinere,
1419 2369 1462 2392 ne
1495 2354 1574 2390 inde
1607 2353 1744 2400 quidem
1775 2354 1918 2389 multum
1937 2351 1947 2362 ⁵

203 2422 429 2466 lucraremur,
457 2423 620 2469 quoniam
648 2424 774 2470 ubique
802 2424 877 2460 solo
905 2424 1112 2469 cognomine
1140 2422 1346 2470 appellatur.
1388 2421 1439 2457 Ac
1466 2426 1579 2468 potest
1607 2432 1711 2466 quum
1750 2418 1817 2455 hoc
1842 2418 1918 2455 loco
