2095 2646
1054 293 1073 324 6

348 393 543 439 Postquam
569 390 782 425 Dalmatiam
808 391 913 434 rexit,
951 392 1114 427 Baeticae
1140 394 1330 441 proconsul
1355 394 1434 435 fuit,
1471 394 1640 442 siquidem
1666 395 1710 430 ad
1737 406 1815 429 eum
1842 406 1915 441 per-

202 460 289 492 tinet
314 459 385 492 ΧΙΙ
413 460 470 498 98,
498 457 558 491 ubi
583 456 708 490 Baetin
735 455 785 489 sie
811 456 982 502 appellat:
1788 455 1790 457 ’

608 536 627 566 5
650 535 808 567 Ominibus
830 537 919 568 laetis
942 541 1057 568 vestras
1079 538 1288 571 Instantius
1311 549 1379 571 oras

690 586 786 617 Intret
807 591 839 618 et
859 587 907 618 hic
929 588 1046 626 populis
1069 594 1103 619 ut
1126 590 1209 627 prior
1229 599 1323 620 annus
1346 593 1404 620 eat.

648 635 714 666 Non
736 636 862 673 ignorat,
885 645 959 668 onus
982 638 1061 676 quod
1083 638 1122 668 sit
1144 638 1302 669 succedere
1323 638 1451 670 Macro.

689 686 746 723 Qui
769 693 825 717 sua
848 687 970 718 metitur
992 687 1133 726 pondera,
1155 687 1234 719 ferre
1255 691 1364 726 potest.

345 761 465 796 Unum
499 761 605 806 igitur
629 766 764 795 tantum
796 773 929 796 annum
954 761 1073 797 Macer
1098 761 1261 796 Baeticae
1292 762 1497 808 praefuerat.
1561 762 1750 797 Instantius
1787 762 1844 808 qui
1885 762 1913 797 ei

196 826 374 868 successit,
403 826 646 861 Instantius
674 825 804 861 Rufus
831 834 904 868 est,
930 838 1034 873 quem
1061 825 1227 861 Martialis
1255 835 1416 873 precatur
1443 826 1512 862 V11
1538 828 1583 862 68
1609 832 1647 862 ut
1672 827 1826 862 carmina
1850 839 1914 861 sua

197 902 322 926 socero
340 890 460 938 (nobis
478 891 616 939 ignoto)
637 891 875 937 commendet3
902 904 924 927 a
948 903 1017 939 quo
1043 890 1196 939 phialam
1222 891 1316 928 dono
1341 891 1485 939 accepit,
1513 891 1722 940 descriptam
1736 892 1823 929 VIII
1849 895 1912 936 513

196 967 301 1003 quem
327 957 356 991 si
382 957 519 992 victura
545 964 643 1004 petat
666 958 825 992 carmina
850 957 933 992 dare
959 957 1024 991 sibi
1046 957 1146 1004 jubet
1171 956 1265 1005 quod
1297 963 1390 993 amet
1415 957 1516 1005 (vm
1538 957 1612 1005 73);
1639 957 1771 993 Musaei
1803 957 1913 1005 pathi-

196 1021 357 1057 cissimos
385 1021 524 1058 libellos
549 1027 588 1058 ut
612 1022 708 1069 legat
732 1022 893 1058 hortatur
917 1022 989 1058 XII
1017 1023 1073 1058 95.

343 1087 392 1123 Ut
430 1093 548 1123 autem
585 1087 630 1123 ad
664 1087 821 1123 Macrum
854 1086 994 1123 redeam
1026 1087 1084 1134 qui
1120 1099 1202 1123 vere
1234 1087 1318 1123 anni
1346 1088 1412 1123 101
1441 1100 1509 1135 quo
1534 1087 1623 1124 liber
1648 1088 1720 1124 XII
1745 1087 1910 1123 Martialis

199 1151 312 1187 editus
338 1157 392 1187 est
417 1152 632 1195 (Mommsen
656 1152 807 1188 Hermes
826 1151 881 1188 111
902 1153 985 1194 126)
1007 1151 1214 1199 Hispaniam
1234 1152 1309 1200 jam
1334 1151 1531 1200 reliquerat,
1557 1152 1704 1188 fortasse
1725 1152 1909 1189 Baebius

197 1216 254 1252 ille
279 1217 425 1252 Macer
463 1224 534 1261 est,
574 1218 632 1265 qui
664 1230 694 1253 a.
730 1218 798 1252 103
825 1216 881 1252 vel
910 1218 979 1252 104
1010 1217 1133 1252 consul
1158 1217 1359 1264 designatus
1385 1224 1459 1252 erat
1482 1217 1572 1254 Plin.
1604 1230 1683 1265 epp.
1709 1218 1759 1253 IV
1786 1220 1823 1261 9,
1853 1221 1908 1260 16,

197 1283 240 1316 cf.
266 1282 467 1317 Mommsen
492 1282 538 1317 ib.
565 1295 599 1329 p.
628 1285 685 1318 45.
713 1288 748 1317 et
773 1282 862 1317 Plin.
887 1282 934 1317 ib.
964 1284 1019 1323 12,
1051 1285 1090 1326 4;
1117 1282 1162 1317 ad
1187 1294 1289 1329 quem
1316 1282 1446 1317 Plinius
1472 1283 1653 1329 epistulam
1679 1283 1721 1317 de
1747 1284 1909 1318 avunculi

196 1346 318 1384 studiis
352 1347 409 1383 111
446 1349 468 1385 5
507 1348 655 1395 scripsit.
725 1347 901 1383 Extremis
940 1347 1084 1395 Trajani
1126 1348 1342 1396 temporibus
1386 1348 1581 1396 praefectus
1618 1348 1695 1384 urbi
1741 1349 1803 1385 fuit
1839 1349 1908 1386 Vit.

194 1412 306 1449 Hadr.
333 1425 362 1449 c.
391 1416 424 1449 5.

343 1478 472 1515 Celer
502 1478 558 1514 ille
593 1480 650 1526 qui
677 1478 797 1515 Celtas
830 1478 918 1514 rexit
944 1478 1097 1514 Hiberos
1123 1479 1192 1515 VII
1218 1480 1285 1523 52,
1319 1480 1339 1514 3
1378 1479 1399 1514 i.
1426 1490 1456 1514 e.
1487 1478 1620 1525 legatus
1647 1477 1738 1526 Aug.
1772 1491 1825 1526 pr.
1851 1492 1904 1526 pr.

194 1556 295 1590 prov.
323 1543 519 1591 Hispaniae
544 1544 711 1579 citerioris
738 1544 802 1578 fuit
827 1551 909 1578 ante
936 1555 967 1577 a.
996 1545 1052 1584 93,
1080 1544 1176 1591 cujus
1195 1544 1382 1579 Decembri
1408 1543 1497 1579 liber
1514 1543 1582 1579 VII
1608 1543 1717 1578 editus
1744 1551 1806 1586 est,
1834 1556 1906 1579 non

192 1614 310 1654 potest
342 1620 419 1644 esse
444 1609 596 1644 Maecius
624 1608 743 1651 Celer,
784 1620 888 1655 quem
915 1607 1044 1644 Statius
1070 1621 1092 1644 a
1116 1608 1432 1644 sacratissimo
1457 1609 1712 1655 imperatore
1737 1609 1905 1644 missum

193 1673 246 1709 ad
271 1673 487 1721 legionem
516 1673 757 1722 Syriacam,
791 1680 827 1709 ut
856 1674 892 1709 in
919 1674 1134 1720 praefatione
1160 1674 1239 1710 libri
1266 1674 1319 1710 111
1345 1674 1442 1718 dicit,
1483 1673 1636 1710 carmine
1661 1672 1715 1709 III
1741 1675 1761 1709 2
1787 1687 1905 1722 prose-

193 1747 291 1774 cutus
331 1744 393 1773 est.
460 1739 531 1774 Sed
561 1739 616 1774 hic
651 1752 754 1787 quem
781 1740 912 1776 Statius
938 1740 1138 1787 juvenem
1163 1740 1317 1787 appellat
1343 1739 1396 1774 III
1424 1741 1462 1783 2,
1493 1741 1559 1774 122
1601 1738 1703 1782 (liber
1729 1739 1779 1774 ΠΙ
1807 1740 1905 1776 initio

193 1818 223 1840 a.
252 1807 298 1840 94
324 1805 434 1840 editus
462 1808 541 1848 est),
569 1813 602 1842 et
628 1807 683 1854 qui

927 1879 1000 1910 puer
1022 1869 1141 1902 sudavit
1162 1870 1191 1901 in
1214 1869 1304 1901 armis

682 1921 776 1950 Notus
798 1921 895 1950 adhuc
918 1925 1033 1950 tantum
1055 1921 1176 1958 majoris
1198 1929 1320 1949 munere
1347 1920 1431 1954 clavi,

602 1970 657 2001 125
678 1970 746 2000 Jam
769 1974 869 2000 tamen
892 1973 921 1999 et
944 1973 1058 1999 turmas
1082 1968 1161 2000 facili
1184 1972 1374 2007 praevertere
1396 1978 1469 2007 gyro

681 2018 788 2057 Fortis,
811 2022 841 2050 et
864 2018 942 2049 ans
962 2019 1060 2058 Jaculo
1082 2019 1225 2051 damnare
1246 2019 1382 2058 sagittas,

188 2091 339 2127 fortasse
365 2096 418 2126 est
447 2091 486 2127 L.
514 2091 659 2128 Roscius
686 2093 852 2129 Aelianus
878 2093 1038 2128 Maecius
1058 2092 1172 2137 Celer,
1200 2093 1259 2140 qui
1285 2104 1356 2128 cos.
1382 2092 1446 2127 fuit
1470 2104 1501 2127 a.
1528 2092 1596 2126 100
1623 2089 1900 2132 Henzen-Orelli

189 2160 283 2194 3569
312 2174 343 2190 =
370 2160 476 2195 4952.
536 2158 640 2206 Apud
676 2158 870 2194 Martialem
902 2171 985 2194 num
1017 2158 1058 2194 L.
1086 2158 1274 2205 Pompeius
1300 2157 1473 2204 Vopiscus
1507 2154 1549 2192 O.
1575 2155 1757 2193 Arruntius
1789 2158 1901 2196 Catel-

188 2223 253 2259 lius
281 2224 385 2260 Celer
418 2236 487 2260 cos.
517 2226 561 2259 72
599 2223 854 2270 intellegendus
881 2223 940 2264 sit,
981 2223 1023 2259 de
1054 2236 1123 2271 quo
1149 2236 1182 2258 v.
1210 2222 1395 2258 Matinium
1421 2221 1493 2257 Atti
1526 2232 1560 2268 p.
1592 2223 1656 2256 149
1698 2229 1732 2258 et
1766 2225 1836 2261 234
1866 2233 1899 2262 et

188 2288 410 2325 Henzenium
435 2289 457 2324 l.
484 2301 514 2325 c.
541 2302 575 2336 p.
602 2291 659 2332 36,
687 2301 792 2324 nemo
818 2287 950 2324 dixerit.

334 2354 566 2391 Stertinius
586 2353 753 2399 Avitus,
781 2353 835 2389 vir
854 2352 1076 2399 clarissimus,
1105 2352 1162 2401 qui
1176 2352 1344 2389 Martialis
1365 2351 1553 2399 imaginem
1567 2350 1602 2387 in
1617 2350 1824 2390 bibliotheca
1835 2368 1899 2392 sua

188 2421 302 2467 posuit
329 2421 396 2464 (IX
422 2421 529 2469 praef.
557 2420 592 2457 X
619 2422 679 2466 96)
700 2419 822 2456 consul
848 2420 909 2455 fuit
937 2433 968 2455 a.
997 2421 1040 2455 92
1069 2418 1349 2455 Henzen-Orelli
1377 2420 1481 2454 6446.
1520 2417 1748 2466 Venulcjtis
1773 2419 1824 2457 IV
1851 2426 1894 2457 62
