2095 2646
338 687 382 721 M.
409 687 566 723 valerius
597 686 764 722 Martialis
796 660 902 733 qumi·
933 698 1046 721 annos
1076 686 1202 722 xxm
1233 690 1335 720 natus
1366 697 1461 721 anno
1484 697 1518 734 p.
1543 685 1585 723 c.
1612 687 1657 722 63
1683 686 1740 722 vel
1763 688 1809 722 64
1832 686 1900 721 Ra

191 764 285 786 mam
312 754 416 797 venit,

677 817 762 847 Atria
783 817 926 847 Pisonum
948 817 1072 847 stabant
1093 826 1159 848 cum
1181 821 1338 848 stemmate
1361 819 1423 847 toto

759 865 799 896 Et
819 866 899 896 docti
922 865 1052 896 Senecae
1073 869 1119 896 ter
1139 866 1322 896 numeranda
1344 866 1458 895 domus.

208 965 211 967 ¹
339 923 404 965 (lv
431 924 504 962 40).
553 924 596 958 In
623 922 819 968 clientelam
843 922 994 958 familiae
1020 922 1234 959 Senecarum
1266 935 1308 958 ex
1332 922 1506 968 Hispania
1530 922 1702 968 originem
1728 922 1898 967 ducentis,

194 999 282 1033 quae
306 994 340 1022 et
360 988 623 1035 opulentissima
647 989 712 1023 fuit
736 995 771 1023 et
796 978 888 1023 cultu
905 988 1094 1023 litterarum
1113 988 1270 1034 insignis,
1297 994 1436 1034 poetam
1455 987 1628 1022 advenam
1648 999 1686 1022 se
1707 987 1897 1023 contulisse

195 1060 470 1089 consentaneum
496 1060 559 1090 est.
609 1054 664 1090 Ex
689 1067 821 1102 magna
844 1054 903 1089 illa
928 1053 1032 1089 domo
1070 1053 1270 1089 Domitiano
1295 1053 1488 1100 imperante
1507 1053 1657 1088 fortasse
1682 1053 1898 1088 una‘Polla

193 1118 481 1165 Argentaria,
508 1119 643 1155 Lucani
669 1132 757 1156 uxor
781 1125 957 1167 superstes
982 1119 1060 1154 fuit:
1085 1118 1121 1154 in
1148 1119 1244 1164 cujus
1269 1118 1429 1154 clientela
1446 1117 1642 1154 Martialem
1662 1118 1899 1165 permansisse

196 1183 368 1226 videmus,
408 1197 516 1231 quum
552 1197 631 1220 eam
660 1185 860 1233 reginam
892 1196 991 1220 suam
1020 1183 1173 1232 appellet
1196 1184 1232 1219 X
1258 1185 1314 1218 64.
1370 1183 1485 1218 Etiam
1511 1182 1726 1218 familiaritas
1751 1195 1841 1230 quae
1866 1184 1898 1218 ei

196 1260 275 1282 cum
302 1248 345 1292 Q.
373 1248 533 1285 ovidio
557 1250 770 1294 intercessit,
797 1249 834 1285 in
861 1249 965 1284 domo
992 1248 1203 1284 Senecamm
1229 1254 1312 1283 nata
1337 1260 1414 1283 esse
1439 1248 1584 1283 videtur.
1634 1247 1725 1283 Nam
1751 1246 1899 1283 Ovidius

191 1314 322 1349 amicus
349 1315 404 1349 vel
431 1314 538 1350 cliens
566 1313 730 1351 Caesonii
754 1315 845 1350 illius
869 1315 1011 1350 Maximi
1035 1314 1097 1349 fuit
1117 1314 1174 1361 qui
1199 1314 1236 1349 in
1261 1314 1410 1349 amicitia
1434 1313 1474 1349 L.
1501 1313 1639 1348 Annaei
1665 1313 1822 1349 Senecae
1847 1313 1896 1349 lo-

189 1391 267 1413 cum
295 1379 496 1425 primarium
521 1379 647 1423 tenuit,
674 1380 716 1415 cf.
743 1392 823 1427 epp.
851 1381 908 1423 87,
936 1381 968 1415 2.
1019 1379 1123 1415 Hunc
1149 1391 1170 1413 a
1194 1378 1335 1414 Nerone
1359 1378 1396 1413 in
1422 1377 1574 1414 Siciliam
1599 1377 1791 1424 relegatum
1817 1377 1900 1414 Ovi-

188 1444 263 1480 dius
292 1444 480 1480 comitatus·
502 1451 571 1488 est,
611 1444 686 1492 qui
710 1444 832 1480 modo
857 1444 1061 1480 noluerat
1085 1443 1286 1479 consulis
1317 1444 1380 1478 ire
1413 1455 1552 1479 comes
1578 1442 1652 1491 (5³),
1690 1443 1807 1490 illique
1833 1443 1898 1478 fuit

195 1509 386 1545 Senecae
412 1509 525 1555 quod
551 1509 633 1545 fuit
656 1509 730 1545 ille
755 1521 828 1545 suo
853 1508 922 1545 VH
948 1511 995 1544 44
1020 1521 1072 1555 sq.
1109 1508 1274 1555 Ejusdem
1294 1507 1408 1543 Ovidii
1434 1507 1524 1543 diem
1550 1508 1704 1543 natalem
1728 1508 1896 1543 Martialis

192 1574 347 1610 celebrat
371 1574 424 1610 IX
447 1575 492 1610 52
514 1586 565 1622 sq.
591 1586 633 1610 ac
658 1587 764 1622 quum
789 1586 896 1610 senex
920 1574 985 1609 iter
1009 1573 1045 1608 in
1063 1573 1278 1609 Britanniam
1297 1573 1517 1620 ingressurus
1544 1579 1647 1616 esset,
1674 1573 1895 1620 proficiscen-

194 1647 263 1674 tem
285 1633 453 1675 'amicum
491 1640 644 1675 carmine
670 1640 705 1675 X
730 1642 777 1675 44
807 1646 1011 1687 prosecutus
1050 1645 1111 1674 est.
1176 1638 1319 1674 Ovidius
1350 1651 1410 1674 rus
1442 1638 1703 1674 Nomentanum
1740 1639 1897 1686 possedit

195 1705 364 1740 Martialis
396 1705 466 1740 ruri
493 1705 644 1740 vicinum
670 1705 739 1741 VII
766 1706 810 1740 93
846 1705 888 1739 cf.
914 1704 932 1739 I
960 1706 1027 1739 105
1052 1704 1105 1740 IX
1134 1706 1177 1739 98
1203 1704 1294 1739 XIII
1321 1706 1401 1739 119.
1453 1703 1568 1747 Quum
1594 1710 1711 1739 autem
1735 1704 1896 1739 recorda-

190 1781 268 1804 mur
299 1770 402 1804 etiam
433 1770 475 1805 L.
502 1770 685 1805 Annaeum
720 1769 892 1806 Senecam
928 1782 1095 1816 magnum
1132 1774 1167 1804 et
1192 1769 1383 1815 pretiosum
1406 1768 1669 1803 Nomentanum
1699 1769 1897 1815 possedisse

189 1835 293 1877 (Plin.
322 1835 368 1869 H.
387 1835 430 1869 N.
450 1835 537 1870 XIV
555 1836 709 1869 48—52
737 1834 872 1869 Seneca
897 1846 977 1881 epp.
1007 1835 1085 1869 104.
1116 1833 1209 1882 110),
1235 1833 1292 1867 vel
1316 1834 1430 1880 ipsum
1449 1833 1505 1869 vel
1526 1833 1599 1880 ejus
1625 1833 1770 1868 heredes
1796 1833 1897 1880 hujus

189 1899 541 1949 praeda-particulas
568 1900 736 1947 quasdam
763 1898 888 1935 Ovidio
914 1905 948 1934 et
972 1898 1121 1934 Martiali
1147 1898 1297 1934 donasse
1327 1910 1400 1933 non
1431 1898 1506 1933 sine
1533 1898 1684 1946 quadam
1709 1898 1782 1933 veri
1808 1899 1897 1933 simi-

189 1953 332 1999 litudihe
359 1964 624 2013 suspicabimur.

335 2028 568 2073 Senecarum,
596 2029 774 2070 Pisonum,
799 2029 1039 2065 Memmiorum
1066 2028 1123 2076 (de
1149 2028 1314 2064 Memmio
1339 2028 1474 2076 Regulo
1501 2041 1572 2066 cos,
1600 2031 1645 2065 63
1673 2029 1897 2076 cogitandum

189 2095 255 2141 est)
282 2102 316 2128 et
336 2094 540 2141 Crisporum
563 2096 717 2142 priorum
743 2096 878 2141 (Vibius
904 2095 1050 2141 Crispus
1076 2095 1211 2129 videtur
1237 2095 1490 2142 intellegendus
1518 2106 1596 2130 esse
1613 2115 1661 2121 —
1678 2095 1751 2130 XII
1777 2097 1834 2139 36,
1863 2095 1900 2142 8)

190 2160 440 2205 benignitatem
469 2167 502 2194 et
527 2160 766 2195 liberalitatem
785 2160 951 2195 'Martialis
971 2161 1188 2206 provectiore
1215 2168 1326 2195 aetate
1354 2173 1459 2207 saepe
1486 2173 1565 2195 cum
1591 2161 1761 2196 desiderio
1786 2173 1901 2195 recor-

187 2223 286 2258 datus
314 2231 375 2258 est.
415 2224 478 2259 His
499 2226 663 2271 exceptis,
690 2238 732 2260 ex
759 2225 854 2260 libris
874 2225 1151 2272 epigrammaton
1178 2227 1208 2260 ei
1232 2232 1367 2260 tantum
1384 2226 1522 2272 patroni
1541 2225 1644 2260 nobis
1662 2224 1897 2269 innotescunt,

187 2301 274 2334 quos
292 2289 458 2323 Martialis
481 2290 683 2324 Domitiano
710 2291 902 2336 imperante
918 2291 1038 2335 coluit3
1066 2303 1084 2324 e
1107 2291 1230 2337 quibus
1250 2291 1438 2325 nonnullos
1456 2290 1524 2324 hoc
1543 2290 1621 2325 loco
1640 2302 1896 2325 recenseamus.

330 2353 360 2386 Ε
394 2354 605 2389 carminibus
638 2355 762 2401 quibus
798 2355 955 2390 Silium
983 2355 1178 2390 Italicum
1206 2368 1275 2391 cos.
1303 2357 1347 2390 68
1382 2355 1572 2390 celebravit
1598 2355 1664 2399 (IV
1693 2357 1738 2390 14
1764 2355 1813 2390 VI
1840 2356 1898 2399 64,

196 2419 238 2452 10
266 2419 333 2453 VII
362 2421 405 2452 63
433 2420 519 2453 VIII
547 2422 591 2454 6ss
617 2420 671 2454 XI
697 2423 741 2455 48
774 2424 841 2466 sq.)
882 2434 987 2455 unum
1026 2429 1299 2455 commemoratu
1330 2421 1474 2466 dignum
1504 2428 1558 2455 est
1584 2421 1672 2456 VIII
1702 2423 1766 2455 662
1805 2421 1901 2466 quod
